

@article{reticker2023lymph,
  title={Lymph nodes: at the intersection of cancer treatment and progression},
  author={Reticker-Flynn, Nathan E and Engleman, Edgar G},
  journal={Trends in cell biology},
  volume={33},
  number={12},
  pages={1021--1034},
  year={2023},
  publisher={Elsevier}
}


@article{reticker2022lymph,
  title={Lymph node colonization induces tumor-immune tolerance to promote distant metastasis},
  author={Reticker-Flynn, Nathan E and Zhang, Weiruo and Belk, Julia A and Basto, Pamela A and Escalante, Nichole K and Pilarowski, Genay OW and Bejnood, Alborz and Martins, Maria M and Kenkel, Justin A and Linde, Ian L and others},
  journal={Cell},
  volume={185},
  number={11},
  pages={1924--1942},
  year={2022},
  publisher={Elsevier}
}