@article{ren2023spatial,
  title={Spatial transcriptomics reveals niche-specific enrichment and vulnerabilities of radial glial stem-like cells in malignant gliomas},
  author={Ren, Yanming and Huang, Zongyao and Zhou, Lingling and Xiao, Peng and Song, Junwei and He, Ping and Xie, Chuanxing and Zhou, Ran and Li, Menghan and Dong, Xiangqun and others},
  journal={Nature Communications},
  volume={14},
  number={1},
  pages={1028},
  year={2023},
  publisher={Nature Publishing Group UK London}
}



@article{ravi2022spatially,
  title={Spatially resolved multi-omics deciphers bidirectional tumor-host interdependence in glioblastoma},
  author={Ravi, Vidhya M and Will, Paulina and Kueckelhaus, Jan and Sun, Na and Joseph, Kevin and Sali{\'e}, Henrike and Vollmer, Lea and Kuliesiute, Ugne and von Ehr, Jasmin and Benotmane, Jasim K and others},
  journal={Cancer cell},
  volume={40},
  number={6},
  pages={639--655},
  year={2022},
  publisher={Elsevier}
}



@article{greenwald2024integrative,
  title={Integrative spatial analysis reveals a multi-layered organization of glioblastoma},
  author={Greenwald, Alissa C and Darnell, Noam Galili and Hoefflin, Rouven and Simkin, Dor and Mount, Christopher W and Castro, L Nicolas Gonzalez and Harnik, Yotam and Dumont, Sydney and Hirsch, Dana and Nomura, Masashi and others},
  journal={Cell},
  volume={187},
  number={10},
  pages={2485--2501},
  year={2024},
  publisher={Elsevier}
}



@article{wu2021comprehensive,
  title={Comprehensive analysis of spatial architecture in primary liver cancer},
  author={Wu, Rui and Guo, Wenbo and Qiu, Xinyao and Wang, Shicheng and Sui, Chengjun and Lian, Qiuyu and Wu, Jianmin and Shan, Yiran and Yang, Zhao and Yang, Shuai and others},
  journal={Science Advances},
  volume={7},
  number={51},
  pages={eabg3750},
  year={2021},
  publisher={American Association for the Advancement of Science}
}



@article{gong2023nasopharyngeal,
  title={Nasopharyngeal carcinoma cells promote regulatory T cell development and suppressive activity via CD70-CD27 interaction},
  author={Gong, Lanqi and Luo, Jie and Zhang, Yu and Yang, Yuma and Li, Shanshan and Fang, Xiaona and Zhang, Baifeng and Huang, Jiao and Chow, Larry Ka-Yue and Chung, Dittman and others},
  journal={Nature Communications},
  volume={14},
  number={1},
  pages={1912},
  year={2023},
  publisher={Nature Publishing Group UK London}
}



@article{erickson2022spatially,
  title={Spatially resolved clonal copy number alterations in benign and malignant tissue},
  author={Erickson, Andrew and He, Mengxiao and Berglund, Emelie and Marklund, Maja and Mirzazadeh, Reza and Schultz, Niklas and Kvastad, Linda and Andersson, Alma and Bergenstr{\aa}hle, Ludvig and Bergenstr{\aa}hle, Joseph and others},
  journal={Nature},
  volume={608},
  number={7922},
  pages={360--367},
  year={2022},
  publisher={Nature Publishing Group UK London}
}



@article{ji2020multimodal,
  title={Multimodal analysis of composition and spatial architecture in human squamous cell carcinoma},
  author={Ji, Andrew L and Rubin, Adam J and Thrane, Kim and Jiang, Sizun and Reynolds, David L and Meyers, Robin M and Guo, Margaret G and George, Benson M and Mollbrink, Annelie and Bergenstr{\aa}hle, Joseph and others},
  journal={Cell},
  volume={182},
  number={2},
  pages={497--514},
  year={2020},
  publisher={Elsevier}
}

