
@article{ma2021evaluation,
  title={Evaluation of some aspects in supervised cell type identification for single-cell RNA-seq: classifier, feature selection, and reference construction},
  author={Ma, Wenjing and Su, Kenong and Wu, Hao},
  journal={Genome Biology},
  volume={22},
  number={1},
  pages={1--23},
  year={2021},
  publisher={Springer},
  url={https://genomebiology.biomedcentral.com/articles/10.1186/s13059-021-02480-2}
}

@article{zhang2021supergnova,
  title={SUPERGNOVA: local genetic correlation analysis reveals heterogeneous etiologic sharing of complex traits},
  author={Zhang, Yiliang and Lu, Qiongshi and Ye, Yixuan and Huang, Kunling and Liu, Wei and Wu, Yuchang and Zhong, Xiaoyuan and Li, Boyang and Yu, Zhaolong and Travers, Brittany G and others},
  journal={Genome Biology},
  volume={22},
  number={1},
  pages={1--30},
  year={2021},
  publisher={Springer},
  url={https://genomebiology.biomedcentral.com/articles/10.1186/s13059-021-02478-w}
}

@article{gursoy2021recovering,
  title={Recovering genotypes and phenotypes using allele-specific genes},
  author={G{\"u}rsoy, Gamze and Lu, Nancy and Wagner, Sarah and Gerstein, Mark},
  journal={Genome Biology},
  volume={22},
  number={1},
  pages={1--9},
  year={2021},
  publisher={BioMed Central},
  url={https://genomebiology.biomedcentral.com/articles/10.1186/s13059-021-02477-x}
}

@article{ahsan2021nanocaller,
  title={NanoCaller for accurate detection of SNPs and indels in difficult-to-map regions from long-read sequencing by haplotype-aware deep neural networks},
  author={Ahsan, Mian Umair and Liu, Qian and Fang, Li and Wang, Kai},
  journal={Genome Biology},
  volume={22},
  number={1},
  pages={1--33},
  year={2021},
  publisher={Springer},
  url={https://genomebiology.biomedcentral.com/articles/10.1186/s13059-021-02472-2}
}