
@article{breda2021bayesian,
  title={Bayesian inference of gene expression states from single-cell RNA-seq data},
  author={Breda, J{\'e}r{\'e}mie and Zavolan, Mihaela and van Nimwegen, Erik},
  journal={Nature Biotechnology},
  pages={1--9},
  year={2021},
  publisher={Nature Publishing Group}
}