@article{shajii2021python,
  title={A Python-based programming language for high-performance computational genomics},
  author={Shajii, Ariya and Numanagi{\'c}, Ibrahim and Leighton, Alexander T and Greenyer, Haley and Amarasinghe, Saman and Berger, Bonnie},
  journal={Nature Biotechnology},
  pages={1--2},
  year={2021},
  url={https://www.nature.com/articles/s41587-021-00985-6},
  publisher={Nature Publishing Group}
}


