
@article{erickson2021spatial,
  title={The spatial landscape of clonal somatic mutations in benign and malignant tissue},
  author={Erickson, Andrew and Berglund, Emelie and He, Mengxiao and Marklund, Maja and Mirzazadeh, Reza and Schultz, Niklas and Bergenstr{\aa}hle, Ludvig and Kvastad, Linda and Andersson, Alma and Bergenstr{\aa}hle, Joseph and others},
  journal={bioRxiv},
  year={2021},
  publisher={Cold Spring Harbor Laboratory},
  url={https://www.biorxiv.org/content/10.1101/2021.07.12.452018v1.full}
}

@article{ji2020multimodal,
  title={Multimodal analysis of composition and spatial architecture in human squamous cell carcinoma},
  author={Ji, Andrew L and Rubin, Adam J and Thrane, Kim and Jiang, Sizun and Reynolds, David L and Meyers, Robin M and Guo, Margaret G and George, Benson M and Mollbrink, Annelie and Bergenstr{\aa}hle, Joseph and others},
  journal={Cell},
  volume={182},
  number={2},
  pages={497--514},
  year={2020},
  publisher={Elsevier},
  url={https://www.sciencedirect.com/science/article/pii/S0092867420306723}
}

